@inproceedings{1,
  author       = {Lan, W. and Dang, J. and Wang, Y. and Wang, S.},
  title        = {{``Pedestrian detection based on YOLO network model''}},
  journal    = {2018 {IEEE} International Conference on Mechatronics and Automation ({ICMA})},
  pages        = {1547--1551},
  year         = {2018},
  organization = {{IEEE}}
}


@article{2,
  author       = {Hsu, W.-Y. and Lin, W.-Y.},
  title        = {{``Adaptive fusion of multi-scale YOLO for pedestrian detection''}},
  journal  = {{IEEE Access}},
  volume      = {vol. 9, pages\ },
  pages        = {110063--110073},
  year         = {2021}
}

@article{3,
  author       = {Benjumea, A. and Teeti, I. and Cuzzolin, F. and Bradley, A.},
  title        = {{``YOLO-z: Improving small object detection in YOLOv5 for autonomous vehicles''}},
  journal    = {arXiv preprint arXiv},
  pages        = {2112--11798},
  year         = {2021},
}
@article{4,
  author       = {Dazlee, N. M. A. A. and Khalil, S. A. and Abdul-Rahman, S. and Mutalib,S.},
  title        = {{``Object detection for autonomous vehicles with sensor-based technology using YOLO''}},
  journal    = {International Journal of Intelligent Systems and Applications in Engineering},
  pages        = {129--134},
  volume = {vol. 10, no. 1, pages\ },
  year         = {2022},
}
@article{5,
  author       = {Liang, S. and Wu, H. and Zhen, L. and Hua, Q. and Garg, S. and Kaddoum, G. and Hassan, M. M. and Yu, K.},
  title        = {{``Edge YOLO: Real-time intelligent object detection system based on edge-cloud cooperation in autonomous vehicles''}},
  journal    = {{IEEE} Transactions on Intelligent Transportation Systems},
  pages        = {25345--25360},
  year         = {2022},
  volume = {vol. 23, no. 12, pages\ }
}
@article{6,
  author       = {Li, Q. and Ding, X. and Wang, X. and Chen, L. and Son, J. and Song, J.-Y.},
  title        = {{``Detection and identification of moving objects at busy traffic road based on YOLO v4''}},
  booktitle    = {The Journal of the Institute of Internet, Broadcasting and Communication},
  pages        = {141–148},
  year         = {2021},
  volume = {vol. 21, no. 1, pages\ }
}
@article{7,
  author       = {Shinde, S. and Kothari, A. and Gupta, V.},
  title        = {{``Yolo based human action recognition and localization''}},
  journal    = {Procedia computer science},
  pages        = {831--838},
  year         = {2018},
  volume = {vol. 133, pages\ }
}
@article{8,
  author       = {Ashraf, A. H. and Imran, M. and Qahtani, A. M. and Alsufyani, A. and Almutiry, O. and Mahmood, A. and Attique, M.},
  title        = {{``Weapons detection for security and video surveillance using cnn and yolo-v5s''}},
  journal    = {CMC-Comput. Mater. Contin},
  pages        = {2761--2775},
  year         = {2022},
  volume = {vol. 70, pages\ }
}
@article{9,
  author       = {Zheng, Y. and Zhang, H.},
  title        = {{``Video analysis in sports by lightweight object detection network under the background of sports industry development''}},
  journal    = {Computational Intelligence and Neuroscience},
  year         = {2022},
  volume = {vol. 2022}
}
@inproceedings{10,
  author       = {Ma, H. and Celik, T. and Li, H.},
  title        = {{``Fer-yolo: Detection and classification based on facial expressions''}},
  booktitle    = {Image and Graphics: 11th International Conference, ICIG 2021, Haikou, China, August 6–8, 2021, Proceedings, Part I 11},
  pages        = {28--39},
  year         = {2021},
  organization = {Springer}
}
@article{11,
  author       = {Tian, Y. and Yang, G. and Wang, Z. and Wang, H. and Li, E. and Liang, Z.},
  title        = {{``Apple detection during different growth stages in orchards using the improved yolo-v3 model''}},
  journal    = {Computers and electronics in agriculture},
  pages        = {417--426},
  year         = {2019},
  volume = {vol. 157, pages\ }
}
@article{12,
  author       = {Wu, D. and Lv, S. and Jiang, M. and Song, H.},
  title        = {{``Using channel pruning-based yolo v4 deep learning algorithm for the real-time and accurate detection of apple flowers in natural environments''}},
  journal    = {Computers and Electronics in Agriculture},
  pages        = {105742},
  year         = {2020},
  volume = {vol. 178, pages\ }
}
@inproceedings{13,
  author       = {Lippi, M. and Bonucci, N. and Carpio, R. F. and Contarini, M. and Speranza, S. and Gasparri, A.},
  title        = {{``A yolo-based pest detection system for precision agriculture''}},
  booktitle    = {2021 29th Mediterranean Conference on Control and Automation ({MED})},
  pages        = {342--347},
  year         = {2021},
  organization = {{IEEE}}
}
@inproceedings{14,
  author       = {Yang, W. and Jiachun, Z.},
  title        = {{``Real-time face detection based on yolo''}},
  booktitle    = {2018 1st IEEE international conference on knowledge innovation and invention ({ICKII})},
  pages        = {221--224},
  year         = {2018},
  organization = {{IEEE}}
}
@article{15,
  author       = {Chen, W. and Huang, H. and Peng, S. and Zhou, C.and Zhang, C.},
  title        = {{``Yolo-face: a real-time face detector''}},
  journal    = {The Visual Computer},
  pages        = {805--813},
  year         = {2021},
  volume = {vol. 37, pages\ }
}
@article{16,
  author       = {Al-Masni, M. A. and Al-Antari, M. A. and Park, J.-M. and Gi, G. and Kim, T.-Y. and Rivera, P. and Valarezo, E. and  Choi, M.-T. and Han, S.-M. and Kim, T.-S.},
  title        = {{``Simultaneous detection and classification of breast masses in digital mammograms via a deep learning yolo-based cad system''}},
  journal    = {Computer methods and programs in biomedicine},
  pages        = {85--94},
  year         = {2018},
  volume = {vol. 157, pages\ }
}
@inproceedings{17,
  author       = {Nie, Y. and Sommella, P. and O’Nils, M. and Liguori, C. and Lundgren, J.},
  title        = {{``Automatic detection of melanoma with yolo deep convolutional neural networks''}},
  booktitle    = {2019 E-Health and Bioengineering Conference ({EHB})},
  pages        = {1--4},
  year         = {2019},
    organization = {{IEEE}}
}
@article{18,
  author       = {Ünver, H. M. and Ayan, E.},
  title        = {{``Skin lesion segmentation in dermoscopic images with combination of yolo and grabcut algorithm''}},
  journal    = {Diagnostics},
  pages        = {72},
  year         = {2019},
  volume = {vol. 9, no. 3, p.\ }
}
@article{19,
  author       = {Tan, L. and Huangfu, T. and Wu, L. and Chen, W.},
  title        = {{``Comparison of retinanet, ssd, and yolo v3 for real-time pill identification''}},
  journal    = {{BMC} medical informatics and decision making},
  pages        = {1--11},
  year         = {2021},
  volume = {vol. 21, pp/\ }
}
@article{20,
  author       = {Cheng, L. and Li, J. and Duan, P. and Wang, M.},
  title        = {{``A small attentional yolo model for landslide detection from satellite remote sensing images''}},
  journal    = {Landslides},
  pages        = {2751--2765},
  year         = {2021},
  volume = {vol. 18, no. 8, pp.\ }
}
@article{21,
  author       = {Pham, M.-T. and Courtrai, L. and Friguet, C. and Lefèvre, S. and Baussard, A.},
  title        = {{``Yolo-fine: One-stage detector of small objects under various backgrounds in remote sensing images''}},
  journal    = {Remote Sensing},
  pages        = {2501},
  year         = {2020},
  volume = {vol. 12, no. 15, p.\ }
}
@article{22,
  author       = {Y. Qing, W. Liu, W. and Feng, L. and Gao, W.},
  title        = {{``Improved yolo network for free-angle remote sensing target detection''}},
  journal    = {Remote Sensing},
  pages        = {2171},
  year         = {2021},
  volume = {vol. 13, no. 11, p.\ }
}

@article{23,
  author       = {Zakria, Z. and Deng, J. and Kumar, R. and Khokhar, M. S. and Cai, J. and Kumar, J.},
  title        = {{``Multiscale and direction target detecting in remote sensing images via modified yolo-v4''}},
  journal    = {{IEEE} Journal of Selected Topics in Applied Earth Observations and Remote Sensing},
  pages        = {1039--1048},
  year         = {2022},
  volume = {vol. 15, pp.\ }
}
@inproceedings{24,
  author       = {Kumar, P. and Narasimha Swamy, S. and Kumar, P. and Purohit, G. and Raju, K. S.},
  title        = {{``Real-time, yolo-based intelligent surveillance and monitoring system using jetson tx2''}},
  booktitle    = {Data Analytics and Management: Proceedings of {ICDAM}},
  pages        = {461--471},
  year         = {2021},
  organization = {Springer}
}
@inproceedings{25,
  author       = {Bhambani, K. and Jain, T. and Sultanpure, K. A.},
  title        = {{``Real-time face mask and social distancing violation detection system using yolo''}},
  booktitle    = { 2020 {IEEE} Bangalore humanitarian technology conference ({B-HTC})},
  pages        = {1--6},
  year         = {2020},
  organization = {IEEE}
}
@article{26,
  author       = {Li, J. and Su, Z. Geng, J. and Yin, Y.},
  title        = {{``Real-time detection of steel strip surface defects based on improved yolo detection network''}},
  journal    = {{IFAC}-PapersOnLine},
  pages        = {76–81},
  year         = {2018},
  volume = {vol. 51, no. 21, pp.\ }
}
@inproceedings{27,
  author       = {Ukhwah, E. N. and Yuniarno, E. M. and Suprapto, Y. K.},
  title        = {{``sphalt pavement pothole detection using deep learning method based on yolo neural networ''}},
  booktitle    = {2019 International Seminar on Intelligent Technology and Its Applications ({ISITIA})},
  pages        = {35–40},
  year         = {2019},
  organization = {IEEE}
}
@article{28,
  author       = {Du, Y. and Pan, N. and Xu, Z. and Deng, F. and Shen, Y. and Kang, H.},
  title        = {{``Pavement distress detection and classification based on yolo network''}},
  journal    = {International Journal of Pavement Engineering},
  pages        = {1659--1672},
  year         = {2021},
  volume = {vol. 22, no. 13, pp.\ }
}

@article{29,
  author       = {Chen et al.,R.-C.},
  title        = {{``Automatic license plate recognition via sliding-window darknet-yolo deep learning''}},
  journal    = {Image and Vision Computing},
  pages        = {47--56},
  year         = {2019},
  volume = {vol. 87, pp.\ }
}
@article{30,
  author       = {Dewi, C. and Chen, R.-C. and Jiang, X. and Yu, H.},
  title        = {{``Deep convolutional neural network for enhancing traffic sign recognition developed on yolo v4''}},
  journal    = {Multimedia Tools and Applications},
  pages        = {37821--37845},
  year         = {2022},
  volume = {vol. 81, no. 26, pp.\ }
}
@article{31,
  author       = {Roy, A. M. and Bhaduri, J. and Kumar, T. and Raj, K.},
  title        = {{``Wildect-yolo: An efficient and robust computer vision-based accurate object localization model for automated endangered wildlife detection''}},
  journal    = {Ecological Informatics},
  pages        = {101919},
  year         = {2023},
  volume = {vol. 75, p. \ }
}
@inproceedings{32,
  author       = {Kulik, S. and Shtanko, A.},
  title        = {{``Experiments with neural net object detection system yolo on small training datasets for intelligent robotics''}},
  booktitle    = {Advanced Technologies in Robotics and Intelligent Systems: Proceedings of {ITR} 2019},
  pages        = {157--162},
  year         = {2020},
  organization = {Springer}
}
@article{33,
  author       = {Dos Reis, D. H. and Welfer, D. and De Souza Leite Cuadros, M. A. and Gamarra, D. F. T.},
  title        = {{``Mobile robot navigation using an object recognition software with rgbd images and the yolo algorithm''}},
  journal    = {Applied Artificial Intelligence},
  pages        = {1290--1305},
  year         = {2019},
  volume = {vol. 33, no. 14, pp.\ }
}
@inproceedings{34,
  author       = {Sahin, O. and Oze, S.},
  title        = {{``Yolodrone: Improved yolo architecture for object detection in drone images''}},
  booktitle    = {2021 44th International Conference on Telecommunications and Signal Processing ({TSP})},
  pages        = {361--365},
  year         = {2021},
  organization = {IEEE}
}
@article{35,
  author       = {Chen, C. and Zheng, Z. and Xu, T. and Guo, S. and Feng, S. and Yao, W. and La, Y.},
  title        = {{`Yolo-based uav technology: A review of the research and its applications''}},
  journal    = {Drones},
  pages        = {190},
  year         = {2023},
  volume = {vol. 7, no. 3, p.\ }
}
@article{36,
  author       = {Everingham, M. and Van Gool, L. and Williams, C. K. and Winn, J. and Zisserman, A.},
  title        = {{`The pascal visual object classes (voc) challenge''}},
  journal    = {International journal of computer vision},
  pages        = {303--338},
  year         = {2010},
  volume = {vol. 88, no. 2, pp.\ }
}
@inproceedings{37,
  author       = {Lin, T.-Y. and Maire, M. and Belongie, S. and Hays, J. and Perona, P. and Ramanan, D. and Dollár, P. and Zitnick, C. L.},
  title        = {{``Microsoft coco: Common objects in context''}},
  booktitle    = {European conference on computer vision},
  pages        = {740--755},
  year         = {2017},
  organization = {Springer}
}
@inproceedings{38,
  author       = {Redmon, J. and Divvala, S. and Girshick, R. and Farhadi, A.},
  title        = {{``You only look once: Unified, real-time object detection''}},
  booktitle    = {Proceedings of the IEEE conference on computer vision and pattern recognition},
  pages        = {779--788},
  year         = {2016}
}
@inproceedings{39,
  author       = {Girshick, R.},
  title        = {{``Fast r-cnn''}},
  booktitle    = {Proceedings of the IEEE international conference on computer vision},
  pages        = {1440–1448},
  year         = {2015}
}
@article{40,
  author       = {Maas, A. L. and Hannun, A. Y. and Ng{, }et al., A. Y.},
  title        = {{``Rectifier nonlinearities improve neural network acoustic models''}},
  journal    = {Proc. icml},
  year         = {2013},
  volume = {vol. 30, p.3, Atlanta, Georgia, {USA}\ }
}
@inproceedings{41,
  author       = {Szegedy, C. and Liu, W. and Jia, Y. and Sermanet, P. and Reed, S. and Anguelov, D. and Erhan, D. and Vanhoucke, V. and Rabinovich, A.},
  title        = {{``Going deeper with convolutions''}},
  booktitle    = {Proceedings of the IEEE conference on computer vision and pattern recognition},
  pages        = {1–9},
  year         = {2015}
}
@article{42,
  author       = {Lin, M. and Chen, Q. and Yan, S.},
  title        = {{``Network in network''}},
  journal    = {arXiv preprint arXiv},
  pages        = {1312--4400},
  year         = {2013}
}
@article{43,
  author       = {Russakovsky, O. and Deng, J. and Su, H. and Krause, J. and Satheesh, S. and Ma, S. and Huang, Z. and Karpathy, A. and Khosla, A. and Bernstein{, }et al., M.},
  title        = {{``Imagenet large scale visual recognition challenge''}},
  journal    = {International journal of computer vision},
  pages = {211--252},
  year         = {2015},
  volume = {vol. 115, no. 3, pp. \ }
}
@inproceedings{44,
  author       = {Redmon, J. and Farhad, A.},
  title        = {{``Yolo9000: better, faster, stronger''}},
  booktitle    = {Proceedings of the {IEEE} conference on computer vision and pattern recognition},
  pages        = {7263--7271},
  year         = {2017}
}
@article{45,
  author       = {Ren, S. and He, K. and Girshick, R. and Sun, J.},
  title        = {{``Faster r-cnn: Towards real-time object detection with region proposal networks''}},
  journal    = {Advances in neural information processing systems},
  year         = {2015},
  volume = {vol. 28\ }
}
@article{46,
  author       = {Redmon, J. and Farhadi, A.},
  title        = {{``Yolov3: An incremental improvement''}},
  journal    = {arXiv preprint arXiv:1804.02767},
  year         = {2018}
}
@article{47,
  author       = {Krasin, I. and Duerig, T. and Alldrin, N. and Ferrari, V. and Abu-El-Haija, S. and Kuznetsova, A. and Rom, H. and Uijlings, J. and Popov, S. and Veit et al., A.},
  title        = {{``Openimages: A public dataset for large-scale multi-label and multi-class image classification''}},
  journal    = {Dataset available from https://github.com/openimages},
  pages = {18},
  year         = {2017},
  volume = {vol. 2, no. 3, p.\ }
}
@article{48,
  author       = {He, K. and Zhang, X. and Ren, S. and Sun, J.},
  title        = {{``Spatial pyramid pooling in deep convolutional networks for visual recognition''}},
  journal    = {{IEEE} transactions on pattern analysis and machine intelligence},
  pages = {1904--1916},
  year         = {2015},
  volume = {vol. 37, no. 9, pages\ }
}
@inproceedings{49,
  author       = {Lin, T.-Y. and Dollár, P. and Girshick, R. and He, K. and Hariharan, B. and Belongie, S.},
  title        = {{``Feature pyramid networks for object detection''}},
  booktitle    = {Proceedings of the {IEEE} conference on computer vision and pattern recognition},
  pages        = {2117--2125},
  year         = {2017}
}
@article{50,
  author       = {Bochkovskiy, A. and Wang, C.-Y. and Liao, H.-Y. M.},
  title        = {{``Yolov4: Optimal speed and accuracy of object detection''}},
  journal    = {arXiv preprint arXiv},
  pages        = {2004.10934},
  year         = {2020}
}

@article{51,
  author       = {Chen, L.-C. and Papandreou, G. and Kokkinos, I. and Murphy, K. and Yuille, A. L.},
  title        = {{``Deeplab: Semantic image segmentation with deep convolutional nets, atrous convolution, and fully connected crfs''}},
  journal    = {{IEEE} transactions on pattern analysis and machine intelligence},
  pages = {834--848},
  year         = {2017},
  volume = {vol. 40, no. 4, pp.\ }
}
@inproceedings{52,
  author       = {Liu, S. and Huang{, }et al, D.},
  title        = {{``Receptive field block net for accurate and fast object detection''}},
  booktitle    = {Proceedings of the European conference on computer vision ({ECCV})},
  pages        = {385--400},
  year         = {2018}
}
@inproceedings{53,
  author       = {He, K. and Zhang, X. and Ren, S. and Sun, J.},
  title        = {{``Deep residual learning for image recognition''}},
  booktitle    = {Proceedings of the {IEEE} conference on computer vision and pattern recognition},
  pages        = {770--778},
  year         = {2016}
}
@inproceedings{54,
  author       = {Hariharan, B. and Arbeláez, P. and Girshick, R. and Malik, J.},
  title        = {{``Hypercolumns for object segmentation and fine-grained localization''}},
  booktitle    = {Proceedings of the {IEEE} conference on computer vision and pattern recognition},
  pages        = {447--456},
  year         = {2015}
}
@inproceedings{55,
  author       = {Zhao, Q. and Sheng, T. and Wang, Y. and Tang, Z. and Chen, Y. and Cai, L. and Ling, H.},
  title        = {{``M2det: A single-shot object detector based on multi-level feature pyramid network''}},
  booktitle    = {Proceedings of the {AAAI} conference on artificial intelligence},
  volume = {33},
  pages        = {9259--9266},
  year         = {2019}
}
@inproceedings{56,
  author       = {He, K. and Zhang, X. and Ren, S. and Sun, J.},
  title        = {{``Delving deep into rectifiers: Surpassing human-level performance on imagenet classification''}},
  booktitle    = {Proceedings of the {IEEE} international conference on computer vision},
  pages        = {1026--1034},
  year         = {2015}
}
@article{57,
  author       = {Misra, D.},
  title        = {{``Mish: A self regularized non-monotonic neural activation function''}},
  journal    = {arXiv preprint arXiv:1908.08681},
  pages = {10--48550},
  year         = {2019},
  volume = {vol. 4, no. 2, pp.\ }
}
@inproceedings{58,
  author       = {Bodla, N. and Singh, B. and Chellappa, R. and Davis, L. S.},
  title        = {{``Soft-nms–improving object detection with one line of code''}},
  booktitle    = {Proceedings of the {IEEE} international conference on computer vision},
  pages        = {5561--5569},
  year         = {2017}
}
@inproceedings{59,
  author       = {Xie, S. and Girshick, R. and Dollár, P. and Tu, Z. and He, K.},
  title        = {{``Aggregated residual transformations for deep neural networks''}},
  booktitle    = {Proceedings of the {IEEE} conference on computer vision and pattern recognition},
  pages        = {1492--1500},
  year         = {2017}
}
@inproceedings{60,
  author       = {Tan, M. and Le, Q.},
  title        = {{``Efficientnet: Rethinking model scaling for convolutional neural networks''}},
  booktitle    = {International conference on machine learning},
  pages        = {6105--6114},
  year         = {2019},
  organization = {PMLR}
}
@inproceedings{61,
  author       = {Wang, C.-Y. and Liao, H.-Y. M. and Wu, Y.-H. and Chen, P.-Y. and Hsieh, J.-W. and Yeh, I.-H.},
  title        = {{``Cspnet: A new backbone that can enhance learning capability of cnn''}},
  booktitle    = { Proceedings of the {IEEE/CVF} conference on computer vision and pattern recognition workshops},
  pages        = {390--391},
  year         = {2020}
}
@inproceedings{62,
  author       = {Liu, S. and Qi, L. and Qin, H. and Shi, J. and Jia, J.},
  title        = {{``Path aggregation network for instance segmentation''}},
  booktitle    = {Proceedings of the {IEEE} conference on computer vision and pattern recognition},
  pages        = {8759--8768},
  year         = {2018}
}
@inproceedings{63,
  author       = {Woo, S. and Park, J. and Lee, J.-Y. and Kweon, I. S.},
  title        = {{``Cbam: Convolutional block attention module''}},
  booktitle    = {Proceedings of the European conference on computer vision ({ECCV})},
  pages        = {3--19},
  year         = {2018}
}
@article{64,
  author       = {Ghiasi, G. and Lin, T.-Y. and Le, Q. V.},
  title        = {{``Dropblock: A regularization method for convolutional networks''}},
  journal    = { Advances in neural information processing systems},
  year         = {2018},
  volume = {vol. 31\ }
}
@article{65,
  author       = {N. Srivastava, N. and Hinton, G. and Krizhevsky, A. and Sutskever, I. and Salakhutdinov, R.},
  title        = {{``Dropout: a simple way to prevent neural networks from overfitting''}},
  journal    = {The journal of machine learning research},
  pages        = {1929--1958},
  year         = {2014},
  volume = {vol. 15, no. 1, pp.\ }
}
@inproceedings{66,
  author       = {Szegedy, C. and Vanhoucke, V. and Ioffe, S. and Shlens, J. and Wojna, Z.},
  title        = {{``Rethinking the inception architecture for computer vision''}},
  booktitle    = {Proceedings of the {IEEE} conference on computer vision and pattern recognition},
  pages        = {2818--2826},
  year         = {2016}
}
@article{67,
  author       = {Islam, M. A. and Naha, S. and Rochan, M. and Bruce, N. and Wang, Y.},
  title        = {{``Label refinement network for coarse-to-fine semantic segmentation''}},
  journal    = {arXiv preprint arXiv:1703.00551},
  year         = {2017}
}
@inproceedings{68,
  author       = {Zheng, Z. and Wang, P. and Liu, W. and Li, J. and Ye, R. and Ren, D.},
  title        = {{``Distance-iou loss: Faster and better learning for bounding box regression''}},
  booktitle    = {Proceedings of the {AAAI} conference on artificial intelligence},
  pages        = {12993--13000},
  year         = {2020},
  volume = {vol. 34, pp.\ }
}
@inproceedings{69,
  author       = {Ioffe, S. and Szegedy, C.},
  title        = {{``Batch normalization: Accelerating deep network training by reducing internal covariate shift''}},
  booktitle    = {International conference on machine learning},
  pages        = {448--456},
  year         = {2015},
    organization = {PMLR}
}
@article{70,
  author       = {Loshchilov, I. and Hutter, F.},
  title        = {{``Sgdr: Stochastic gradient descent with warm restarts''}},
  journal    = {arXiv preprint arXiv:1608.03983},
  year         = {2016}
}
@article{71,
  author       = {Wang, S. and Zhao, J. and Ta, N. and Zhao, X. and Xiao, M. and Wei, H.},
  title        = {{``A real-time deep learning forest fire monitoring algorithm based on an improved pruned+ kd model''}},
  journal    = {Journal of Real-Time Image Processing},
  year         = {2021},
  volume = {vol. 18, no. 6, pp.\ },
  pages = {2319--2329}
}
@article{72,
  author       = {Jocher, G.},
  title        = {{``YOLOv5 by Ultralytics''}},
  year    = {\url{https://github.com/ultralytics/yolov5}, 2020. Accessed: Mai 14, 2023.}
}
@inproceedings{73,
  author       = {Wang, C.-Y. and Bochkovskiy, A. and Liao, H.-Y. M.},
  title        = {{``Scaled-yolov4: Scaling cross stage partial network''}},
  booktitle    = {Proceedings of the {IEEE}/cvf conference on computer vision and pattern recognition},
  pages        = {13029--13038},
  year         = {2021}
}
@inproceedings{74,
  author       = {Tan, M. and Pang, R. and Le, Q. V.},
  title        = {{``Efficientdet: Scalable and efficient object detection''}},
  booktitle    = {Proceedings of the {IEEE/CVF} conference on computer vision and pattern recognition},
  pages        = {10781--10790},
  year         = {2020}
}
@inproceedings{75,
  author       = {Lin, T.-Y. and Goyal, P. and Girshick, R. and He, K. and Dollár, P.},
  title        = {{``Focal loss for dense object detection''}},
  booktitle    = {Proceedings of the {IEEE} international conference on computer vision},
  pages        = {2980--2988},
  year         = {2017}
}
@article{76,
  author       = {Long, X. and Deng, K. and Wang, G. and Zhang, Y. and Dang, Q. and Gao, Y. and Shen, H. and Ren, J. and Han, S. and Ding{, }et al., E.},
  title        = {{``Pp-yolo: An effective and efficient implementation of object detector''}},
  journal    = {arXiv preprint arXiv:2007.12099},
  year         = {2020}
}
@article{77,
  author       = {Wang, C.-Y. and Yeh, I.-H. and Liao, H.-Y. M.},
  title        = {{``You only learn one representation: Unified network for multiple tasks''}},
  journal    = {arXiv preprint arXiv:2105.04206},
  year         = {2021}
}
@article{78,
  author       = {Ge, Z. and Liu, S. and Wang, F. and Li, Z. and Sun, J.},
  title        = {{``Yolox: Exceeding yolo series in 2021''}},
  journal    = {arXiv preprint arXiv:2107.08430},
  year         = {2021}
}
@inproceedings{79,
  author       = {Law, H. and Deng, J.},
  title        = {{``Cornernet: Detecting objects as paired keypoints''}},
  booktitle    = {Proceedings of the European conference on computer vision ({ECCV})},
  pages        = {734--750},
  year         = {2018}
}
@inproceedings{80,
  author       = {Duan, K. and Bai, S. and Xie, L. and Qi, H. and Huang, Q. and Tian, Q.},
  title        = {{``Centernet: Keypoint triplets for object detection''}},
  booktitle    = {Proceedings of the IEEE/CVF international conference on computer vision},
  pages        = {6569--6578},
  year         = {2019}
}
@inproceedings{81,
  author       = {Tian, Z. and Shen, C. and Chen, H. and He, T.},
  title        = {{``Fcos: Fully convolutional one-stage object detection''}},
  booktitle    = {Proceedings of the {IEEE/CVF) international conference on computer vision},
  pages        = {9627--9636},
  year         = {2019}
}
@inproceedings{82,
  author       = {Song, G. and Liu, Y. and Wang, X.},
  title        = {{``Revisiting the sibling head in object detector''}},
  booktitle    = {Proceedings of the {IEEE/CVF} Conference on Computer Vision and Pattern Recognition},
  pages        = {11563--11572},
  year         = {2020}
}
@inproceedings{83,
  author       = {Wu, Y. and Chen, Y. and Yuan, L. and Liu, Z. and Wang, L. and Li, H. and Fu, Y.},
  title        = {{``Rethinking classification and localization for object detection''}},
  booktitle    = {Proceedings of the {IEEE/CVF} Conference on Computer Vision and Pattern Recognition},
  pages        = {10186--10195},
  year         = {2020}
}
@inproceedings{84,
  author       = {Ge, Z. and Liu, S. and Li, Z. and Yoshie, O. and Sun, J.},
  title        = {{``Ota: Optimal transport assignment for object detection''}},
  booktitle    = {Proceedings of the {IEEE/CVF} Conference on Computer Vision and Pattern Recognition},
  pages        = {303--312},
  year         = {2021}
}
@article{85,
  author       = {Zhang, H. and Cisse, M. and Dauphin, Y.N. and Lopez-Paz, D.},
  title        = {{``mixup: Beyond empirical risk minimization''}},
  journal    = {arXiv preprint arXiv:1710.09412},
  year         = {2017}
}
@article{86,
  author       = {Li, C. and Li, L. and Jiang, H. and Weng, K. and Geng, Y. and Li, L. and Ke, Z. and Li, Q. and Cheng, M. and Nie{, }et al., W.},
  title        = {{``Yolov6: A single-stage object detection framework for industrial applications''}},
  journal    = {arXiv preprint arXiv:2209.02976},
  year         = {2022}
}
@inproceedings{87,
  author       = {Ding, X. and Zhang, X. and Ma, N. and Han, J. and Ding, G. and Sun, J.},
  title        = {{``epvgg: Making vgg-style convnets great again''}},
  booktitle    = {Proceedings of the {IEEE/CVF} conference on computer vision and pattern recognition},
  pages        = {13733--13742},
  year         = {2021}
}
@inproceedings{88,
  author       = {Feng, C. and Zhong, Y. and Gao, Y. and Scott, M.R. and Huang, W.},
  title        = {{``Tood: Task-aligned one-stage object detection''}},
  booktitle    = {2021 {IEEE/CVF} International Conference on Computer Vision ({ICCV})},
  pages        = {3490--3499},
  year         = {2021},
  organization = {IEEE Computer Society}
}
@inproceedings{89,
  author       = {Zhang, H. and Wang, Y. and Dayoub, F. and Sunderhauf, N.},
  title        = {{``Varifocalnet: An iou-aware dense object detector''}},
  booktitle    = {Proceedings of the {IEEE/CVF} conference on computer vision and pattern recognition},
  pages        = {8514--8523},
  year         = {2021}
}
@article{90,
  author       = {Gevorgyan, Z.},
  title        = {{``Siou loss: More powerful learning for bounding box regression''}},
  journal    = {arXiv preprint arXiv:2205.12740},
  year         = {2022}
}
@inproceedings{91,
  author       = {Rezatofighi, H. and Tsoi, N. and Gwak, J. and Sadeghian, A. and Reid, I. and Savarese, S.},
  title        = {{``Generalized intersection over union: A metric and a loss for bounding box regression''}},
  booktitle    = {Proceedings of the {IEEE/CVF} conference on computer vision and pattern recognition},
  pages        = {658--666},
  year         = {2019}
}
@article{92,
  author       = {Ding, X. and Chen, H. and Zhang, X. and Huang, K. and Han, J. and Ding, G.},
  title        = {{``Re-parameterizing your optimizers rather than architectures''}},
  journal    = {arXiv preprint arXiv:2205.15242},
  year         = {2022}
}
@inproceedings{93,
  author       = {Shu, C. and Liu, Y. and Gao, J. and Yan, Z. and Shen, C.},
  title        = {{``Channel-wise knowledge distillation for dense prediction''}},
  pages    = {5311--5320},
  booktitle = {Proceedings of the {IEEE/CVF} conference on computer vision and pattern recognition},
  year         = {2021}
}
@article{94,
  author       = {Wang, C.-Y. and Bochkovskiy, A. and Liao, H.-Y. M.},
  title        = {{``Yolov7: Trainable bag-of-freebies sets new state-of-the-art for real-time object detectors''}},
  journal    = {arXiv preprint arXiv:2207.02696},
  year         = {2022}
}
@article{95,
  author       = {Wang, C.-Y. and Liao, H.-Y. M. and Yeh, I.-H},
  title        = {{``Designing network design strategies through gradient path analysis''}},
  journal    = {arXiv preprint arXiv:2211.04800},
  year         = {2022}
}
@inproceedings{96,
  author       = {Huang, G. and Liu, Z. and Van Der Maaten, L. and Weinberger, K. Q.},
  title        = {{``Densely connected convolutional networks''}},
  pages    = {4700--4708},
  booktitle = {Proceedings of the {IEEE} conference on computer vision and pattern recognition},
  year         = {2017}
}
@article{97,
  author       = {Xu, X. and Jiang, Y. and Chen, W. and Huang, Y. and Zhang, Y. and Sun, X.},
  title        = {{``Damo-yolo: A report on real-time object detection design''}},
  journal    = {arXiv preprint arXiv:2211.15444},
  year         = {2022}
}
@article{98,
  author       = {Alibaba},
  title        = {{``TinyNAS''}},
  year    = {\url{https://github.com/alibaba/lightweight-neural-architecture-search}, 2023. Accessed: Mai 22, 2023.}
}
@inproceedings{99,
  author       = {Tan, Z. and Wang, J. and Sun, X. and Lin, M. and Li{, }et al., H.},
  title        = {{``Giraffedet: A heavy-neck paradigm for object detection''}},
  booktitle = {International Conference on Learning Representations},
  year         = {2021}
}
@article{100,
  author       = {Jocher, G. and Chaurasia, A. and Qiu, J.},
  title        = {{``YOLO by Ultralytics''}},
  year    = {\url{https://github.com/ultralytics/ultralytics,}, 2023. Accessed: Mai 22, 2023.}
}
@article{101,
  author       = {Ma, Y. and Yu, D. and Wu, T. and Wang, H.},
  title        = {{``Paddlepaddle: An open-source deep learning platform from industrial practice''}},
  journal    = {Frontiers of Data and Computing},
  volume = {vol. 1, no. 1, pp.\ },
  pages = {105--115},
  year         = {2019}
}
@inproceedings{102,
  author       = {Dai, J. and Qi, H. and Xiong, Y. and Li, Y. and Zhang, G. and Hu, H. and Wei, Y.},
  title        = {{``Deformable convolutional networks''}},
  booktitle = {Proceedings of the {IEEE} international conference on computer vision},
  pages = {764--773},
  year         = {2017}
}
@inproceedings{103,
  author       = {Xinlong, W. and Rufeng, Z. and Tao, K. and Lei, L. and Chunhua, S.},
  title        = {{``Solov2: Dynamic, faster and stronger''}},
  booktitle = {Proc. NIPS},
  year         = {2020}
}
@article{104,
  author       = {Liu, R. and Lehman, J. and Molino, P. and Petroski Such, F. and Frank, E. and Sergeev, A. and Yosinski, J.},
  title        = {{``An intriguing failing of convolutional neural networks and the coordconv solution''}},
  journal    = {Advances in neural information processing systems},
  volume = {vol. 31},
  year         = {2018}
}
@article{105,
  author       = {Huang, X. and Wang, X. and Lv, W. and Bai, X. and Long, X. and Deng, K. and Dang, Q. and Han, S. and Liu, Q. and Hu{, }et al., X.},
  title        = {{``Pp-yolov2: A practical object detector''}},
  journal    = {arXiv preprint arXiv:2104.10419},
  year         = {2021}
}
@article{106,
  author       = {Xu, S. and Wang, X. and Lv, W. and Chang, Q. and Cui, C. and Deng, K. and Wang, G. and Dang, Q. and Wei, S. and Du{, }et al., Y.},
  title        = {{``Pp-yoloe: An evolved version of yolo''}},
  journal    = {arXiv preprint arXiv:2203.16250},
  year         = {2022}
}
@article{107,
  author       = {Rao, L.},
  title        = {{``Treenet: A lightweight one-shot aggregation convolutional network''}},
  journal    = {arXiv preprint arXiv:2109.12342},
  year         = {2021}
}
@article{108,
  author       = {Li, X. and Wang, W. and Wu, L. and Chen, S. and Hu, X. and Li, J. and Tang, J. and Yang, J.},
  title        = {{``Generalized focal loss: Learning qualified and distributed bounding boxes for dense object detection''}},
  pages    = {21002--21012},
  journal = {Advances in Neural Information Processing Systems},
  volume = {vol. 33, pp.\ },
  year         = {2020}
}